<?xml version="1.0" encoding="UTF-8"?><collection xmlns="http://www.loc.gov/MARC21/slim"><record><leader>00523nam--2200181-i-4500</leader><controlfield tag="001">000022409</controlfield><controlfield tag="002">20161230</controlfield><controlfield tag="005">20161230201034</controlfield><controlfield tag="008">060222s1000------------r-----000-0-eng-d</controlfield><datafield ind1=" " ind2=" " tag="040"><subfield code="a">IFIN-HH</subfield></datafield><datafield ind1=" " ind2=" " tag="080"><subfield code="a">537.533.35</subfield></datafield><datafield ind1="1" ind2=" " tag="100"><subfield code="a">Hall, Cecil E</subfield></datafield><datafield ind1="1" ind2="0" tag="245"><subfield code="a">Introduction to electron microscopy</subfield><subfield code="c">Cecil e. hall</subfield></datafield><datafield ind1=" " ind2=" " tag="260"><subfield code="a">New York</subfield><subfield code="b">Mcgraw-hill Book Company, Inc</subfield><subfield code="c">1953</subfield></datafield><datafield ind1=" " ind2=" " tag="300"><subfield code="a">IX + 451 P</subfield></datafield><datafield ind1=" " ind2=" " tag="490"><subfield code="a">International Series In Pure And Applied Physics</subfield></datafield><datafield ind1=" " ind2=" " tag="852"><subfield code="a">21828</subfield><subfield code="c">537.533.35</subfield></datafield><datafield ind1=" " ind2=" " tag="CAT"><subfield code="a">Sys</subfield><subfield code="c">20110902</subfield><subfield code="h">122346</subfield></datafield></record></collection>